@online{christianschneider,
    author    = {Christian Schneider},
    title     = "Christian Schneider",
    url       = "https://christian-schneider.net",
    urldate   = {2021-06-30}
}

@online{invicti,
    title = {The Invicti AppSec Indicator},
    date = {2021},
    url = {https://www.acunetix.com/white-papers/acunetix-web-application-vulnerability-report-2021/},
    urldate = {2021-08-20},
}